{
  "leader": "03808cam a2200541 a 4500",
  "fields": [
    {
      "001": "ocn227192118"
    },
    {
      "003": "OCoLC"
    },
    {
      "005": "20220728125216.0"
    },
    {
      "008": "080505s2008\\\\\\\\nyua\\\\\\\\\\b\\\\\\\\001\\0\\eng\\\\"
    },
    {
      "010": {
        "ind1": "\\",
        "ind2": "\\",
        "subfields": [
          {
            "a": "  2008020352"
          }
        ]
      }
    },
    {
      "040": {
        "ind1": "\\",
        "ind2": "\\",
        "subfields": [
          {
            "a": "DLC"
          },
          {
            "b": "eng"
          },
          {
            "c": "DLC"
          },
          {
            "d": "BTCTA"
          },
          {
            "d": "YDXCP"
          },
          {
            "d": "C#P"
          },
          {
            "d": "CDX"
          },
          {
            "d": "BWX"
          },
          {
            "d": "UPP"
          },
          {
            "d": "IXA"
          },
          {
            "d": "LMR"
          },
          {
            "d": "TSU"
          },
          {
            "d": "EEK"
          },
          {
            "d": "OCLCQ"
          },
          {
            "d": "BDX"
          },
          {
            "d": "MHA"
          },
          {
            "d": "OCLCF"
          },
          {
            "d": "OCLCQ"
          },
          {
            "d": "OCLCO"
          },
          {
            "d": "OMB"
          },
          {
            "d": "OCL"
          },
          {
            "d": "NJK"
          },
          {
            "d": "UKMGB"
          },
          {
            "d": "HUELT"
          },
          {
            "d": "OCLCQ"
          },
          {
            "d": "IDU"
          },
          {
            "d": "OCLCO"
          }
        ]
      }
    },
    {
      "016": {
        "ind1": "7",
        "ind2": "\\",
        "subfields": [
          {
            "a": "014855812"
          },
          {
            "2": "Uk"
          }
        ]
      }
    },
    {
      "019": {
        "ind1": "\\",
        "ind2": "\\",
        "subfields": [
          {
            "a": "1022605248"
          }
        ]
      }
    },
    {
      "020": {
        "ind1": "\\",
        "ind2": "\\",
        "subfields": [
          {
            "a": "9780871547934"
          }
        ]
      }
    },
    {
      "020": {
        "ind1": "\\",
        "ind2": "\\",
        "subfields": [
          {
            "a": "0871547937"
          }
        ]
      }
    },
    {
      "035": {
        "ind1": "\\",
        "ind2": "\\",
        "subfields": [
          {
            "a": "(OCoLC)227192118"
          },
          {
            "z": "(OCoLC)1022605248"
          }
        ]
      }
    },
    {
      "043": {
        "ind1": "\\",
        "ind2": "\\",
        "subfields": [
          {
            "a": "n-us---"
          }
        ]
      }
    },
    {
      "050": {
        "ind1": "0",
        "ind2": "0",
        "subfields": [
          {
            "a": "LC191.94"
          },
          {
            "b": ".D58 2008"
          }
        ]
      }
    },
    {
      "082": {
        "ind1": "0",
        "ind2": "0",
        "subfields": [
          {
            "a": "378.0170973"
          },
          {
            "b": "DIV"
          }
        ]
      }
    },
    {
      "049": {
        "ind1": "\\",
        "ind2": "\\",
        "subfields": [
          {
            "a": "NYRV"
          }
        ]
      }
    },
    {
      "245": {
        "ind1": "0",
        "ind2": "4",
        "subfields": [
          {
            "a": "The diversity challenge :"
          },
          {
            "b": "social identity and intergroup relations on the college campus /"
          },
          {
            "c": "Jim Sidanius, Shana Levin, Colette van Laar, and David O. Sears."
          }
        ]
      }
    },
    {
      "260": {
        "ind1": "\\",
        "ind2": "\\",
        "subfields": [
          {
            "a": "New York :"
          },
          {
            "b": "Russell Sage Foundation,"
          },
          {
            "c": "\u00a92008."
          }
        ]
      }
    },
    {
      "300": {
        "ind1": "\\",
        "ind2": "\\",
        "subfields": [
          {
            "a": "ix, 445 pages :"
          },
          {
            "b": "illustrations ;"
          },
          {
            "c": "24 cm"
          }
        ]
      }
    },
    {
      "336": {
        "ind1": "\\",
        "ind2": "\\",
        "subfields": [
          {
            "a": "text"
          },
          {
            "b": "txt"
          },
          {
            "2": "rdacontent"
          }
        ]
      }
    },
    {
      "337": {
        "ind1": "\\",
        "ind2": "\\",
        "subfields": [
          {
            "a": "unmediated"
          },
          {
            "b": "n"
          },
          {
            "2": "rdamedia"
          }
        ]
      }
    },
    {
      "338": {
        "ind1": "\\",
        "ind2": "\\",
        "subfields": [
          {
            "a": "volume"
          },
          {
            "b": "nc"
          },
          {
            "2": "rdacarrier"
          }
        ]
      }
    },
    {
      "504": {
        "ind1": "\\",
        "ind2": "\\",
        "subfields": [
          {
            "a": "Includes bibliographical references (pages 405-430) and index."
          }
        ]
      }
    },
    {
      "505": {
        "ind1": "0",
        "ind2": "\\",
        "subfields": [
          {
            "a": "Part I. Theoretical background and overview of the study : Introduction -- Theoretical orientations and major themes -- The site and the study -- Part II. Sociopolitical attitudes and group identities: the entering student and persisting differences : Cultural diversity and sociopolitical attitudes at college entry -- The overall effects of college on students' sociopolitical attitudes -- The origins and persistence of ethnic identity among the new-immigrant groups -- In search of a common ingroup identity: national and university identities -- Part III. The impact of specific university experiences on sociopolitical attitudes and academic adjustment : The effects of close intergroup contact: interethnic friendship and dating in college -- The effects of contact with ethnically diverse roommates -- Ethnic organizations and ethnic attitudes on campus -- Minority ethnic groups and the university experience -- Part IV. Conclusions : Summary and theoretical integration -- Appendix A. Survey questions, scales, and waves -- Appendix B. Table of scale reliabilities by wave -- Appendix C. Attrition analyses."
          }
        ]
      }
    },
    {
      "520": {
        "ind1": "1",
        "ind2": "\\",
        "subfields": [
          {
            "a": "\"The Diversity Challenge - the largest and most comprehensive study to date on college campus diversity - synthesizes over five years' worth of research by an interdisciplinary team of experts to explore how a highly diverse environment and policies that promote cultural diversity affect social relations, identity formation and a variety of racial and political attitudes. The result is a case study of the ways in which individuals grow and groups interact in a world where ethnic and racial difference is the norm.\"--Jacket."
          }
        ]
      }
    },
    {
      "540": {
        "ind1": "\\",
        "ind2": "\\",
        "subfields": [
          {
            "a": "Current Copyright Fee: GBP40.64"
          },
          {
            "c": "0."
          },
          {
            "5": "Uk"
          }
        ]
      }
    },
    {
      "650": {
        "ind1": "\\",
        "ind2": "0",
        "subfields": [
          {
            "a": "Education, Higher"
          },
          {
            "x": "Social aspects"
          },
          {
            "z": "United States."
          }
        ]
      }
    },
    {
      "650": {
        "ind1": "\\",
        "ind2": "0",
        "subfields": [
          {
            "a": "School environment"
          },
          {
            "z": "United States."
          }
        ]
      }
    },
    {
      "650": {
        "ind1": "\\",
        "ind2": "0",
        "subfields": [
          {
            "a": "Group identity"
          },
          {
            "z": "United States."
          }
        ]
      }
    },
    {
      "650": {
        "ind1": "\\",
        "ind2": "0",
        "subfields": [
          {
            "a": "Minorities"
          },
          {
            "x": "Education (Higher)"
          },
          {
            "z": "United States."
          }
        ]
      }
    },
    {
      "650": {
        "ind1": "\\",
        "ind2": "0",
        "subfields": [
          {
            "a": "Multicultural education"
          },
          {
            "z": "United States."
          }
        ]
      }
    },
    {
      "650": {
        "ind1": "\\",
        "ind2": "7",
        "subfields": [
          {
            "a": "Education, Higher"
          },
          {
            "x": "Social aspects."
          },
          {
            "2": "fast"
          },
          {
            "0": "(OCoLC)fst00903107"
          }
        ]
      }
    },
    {
      "650": {
        "ind1": "\\",
        "ind2": "7",
        "subfields": [
          {
            "a": "Group identity."
          },
          {
            "2": "fast"
          },
          {
            "0": "(OCoLC)fst00948442"
          }
        ]
      }
    },
    {
      "650": {
        "ind1": "\\",
        "ind2": "7",
        "subfields": [
          {
            "a": "Minorities"
          },
          {
            "x": "Education (Higher)"
          },
          {
            "2": "fast"
          },
          {
            "0": "(OCoLC)fst01023138"
          }
        ]
      }
    },
    {
      "650": {
        "ind1": "\\",
        "ind2": "7",
        "subfields": [
          {
            "a": "Multicultural education."
          },
          {
            "2": "fast"
          },
          {
            "0": "(OCoLC)fst01028816"
          }
        ]
      }
    },
    {
      "650": {
        "ind1": "\\",
        "ind2": "7",
        "subfields": [
          {
            "a": "School environment."
          },
          {
            "2": "fast"
          },
          {
            "0": "(OCoLC)fst01107379"
          }
        ]
      }
    },
    {
      "651": {
        "ind1": "\\",
        "ind2": "7",
        "subfields": [
          {
            "a": "United States."
          },
          {
            "2": "fast"
          },
          {
            "0": "(OCoLC)fst01204155"
          }
        ]
      }
    },
    {
      "700": {
        "ind1": "1",
        "ind2": "\\",
        "subfields": [
          {
            "a": "Sidanius, Jim."
          }
        ]
      }
    },
    {
      "700": {
        "ind1": "1",
        "ind2": "\\",
        "subfields": [
          {
            "a": "Levin, Shana."
          }
        ]
      }
    },
    {
      "700": {
        "ind1": "1",
        "ind2": "\\",
        "subfields": [
          {
            "a": "Van Laar, Colette."
          }
        ]
      }
    },
    {
      "700": {
        "ind1": "1",
        "ind2": "\\",
        "subfields": [
          {
            "a": "Sears, David O."
          }
        ]
      }
    },
    {
      "856": {
        "ind1": "4",
        "ind2": "1",
        "subfields": [
          {
            "3": "Table of contents"
          },
          {
            "u": "http://catdir.loc.gov/catdir/toc/ecip0818/2008020352.html"
          }
        ]
      }
    },
    {
      "999": {
        "ind1": "\\",
        "ind2": "\\",
        "subfields": [
          {
            "a": "00000000025278"
          }
        ]
      }
    },
    {
      "994": {
        "ind1": "\\",
        "ind2": "\\",
        "subfields": [
          {
            "a": "C0"
          },
          {
            "b": "NYRVC"
          }
        ]
      }
    }
  ]
}